@techreport{mw,
	title = {Användning av radiofrekvenser i Sverige 2002},
	author = {G. Wilson},
	year = {2002},
	institution = {Post\&Telestyrelsen},
	pages = {55}
}

@conference{goodarticle,
	title = {The 6th International Symposium on Satellite Navigation},
	author = {Y. Wang and X. Jia and H.K. Lee},
	booktitle = {An indoors wireless positioning system based on wireless local area network infrastructure},
	year = {2003},
	month = {22-25 July},	
	address = {Melbourne}
}

% http://www.biomedcentral.com/1471-2105/9/82
@article{pythoncomparison,
	title = "A comparison of common programming languages used in bioinformatics",
	author = {M. Fourment and M.R. Gillings},
	year = "2008",
	journal = "BMC Bioinformatics",
	volume = "9"
}

@misc{we,
	howpublished = {\url{http://wireless.kernel.org/en/developers/Documentation/Wireless-Extensions} [Senast besökt: 2009-05-18]},
	title = {About Wireless-Extensions},
	note = {Chapter 3, Linux Kernel Organization},
	chapter = {3},
	organization = {Linux Kernel Organization},
	key = {a}
}

@conference{micro,
    title = {38th European Microwave Conference},
    author = {F. Vanheel, J. Verhaevert, I. Moerman},
    booktitle = {2008 EUROPEAN MICROWAVE CONFERENCE},
    year = {2008},
    month = {Oktober 27-31},
    address = {Amsterdam, Nederländerna},
    pages = {1452-1455},
    volume = {1-3}
}

@article{daemon,
    title = "Linux Daemon Writing HOWTO",
    author = "D. Watson",
    year = "2004",
    volume = "1",
    chapter = "4.6"
}




% misc{cve-2008-1368,
%  key = {CVE-2008-1368},
%  title = {{CRLF injection vulnerability in Microsoft Internet Explorer 5 and 6 allows remote attackers to execute arbitrary FTP commands via an ftp:// URL that contains a URL-encoded CRLF (\%0D\%0A) before the FTP command, which causes the commands to be inserted into an authenticated FTP connection established earlier in the same browser session, as demonstrated using a DELE command, a variant or possibly a regression of CVE-2004-1166. }},
%  howpublished = {National Vulnerability Database},
%  institution  = {NIST},
%  day =       17,
%  month =     {March},
%  year =     2008,
%  note =     {[online] \url{http://nvd.nist.gov/nvd.cfm?cvename=CVE-2008-1368}},
%  url = {http://nvd.nist.gov/nvd.cfm?cvename=CVE-2008-1368}
% }
